<record xmlns="http://www.loc.gov/MARC21/slim" xmlns:xsi="http://www.w3.org/2001/XMLSchema-instance" xsi:schemaLocation="http://www.loc.gov/MARC21/slim http://www.loc.gov/standards/marcxml/schema/MARC21slim.xsd"><leader>01980nam a2200385   4500</leader><controlfield tag="001">001685300</controlfield><controlfield tag="003">NNU</controlfield><controlfield tag="006">m        d        </controlfield><controlfield tag="007">cr cn |||m|||a</controlfield><controlfield tag="008">150223s1933    ua h    ob    000 0 ara d</controlfield><datafield ind1=" " ind2=" " tag="040"><subfield code="a">NNU</subfield><subfield code="b">eng</subfield><subfield code="c">NNU</subfield></datafield><datafield ind1="0" ind2=" " tag="050"><subfield code="a">PJ6617.B8</subfield><subfield code="b">M89 (Orien Arab)</subfield></datafield><datafield ind1=" " ind2=" " tag="066"><subfield code="c">(3</subfield></datafield><datafield ind1=" " ind2=" " tag="090"><subfield code="a">PJ6617.B8</subfield><subfield code="b">M8</subfield></datafield><datafield ind1="1" ind2=" " tag="100"><subfield code="6">880-01</subfield><subfield code="a">Y&#257;zij&#299;, Ibr&#257;h&#299;m,</subfield><subfield code="d">1847-1906</subfield></datafield><datafield ind1="1" ind2="0" tag="245"><subfield code="6">880-02</subfield><subfield code="a">Tanb&#299;h&#257;t al-Y&#257;zij&#299; &#699;al&#257; Mu&#7717;&#299;&#7789; al-Bust&#257;n&#299;</subfield><subfield code="h">[electronic resource] /</subfield><subfield code="c">Jama&#699;ah&#257; wa-&#7717;alla ram&#363;zih&#257; Sal&#299;m Sham&#699;&#363;n wa-Jubr&#257;n al-Na&#7717;&#7717;&#257;s.</subfield></datafield><datafield ind1=" " ind2=" " tag="260"><subfield code="6">880-03</subfield><subfield code="a">al-Iskandar&#299;yah :</subfield><subfield code="b">Ma&#7789;ba&#699;at &#7778;al&#257;&#7717; al-D&#299;n,</subfield><subfield code="c">1933.</subfield></datafield><datafield ind1=" " ind2=" " tag="300"><subfield code="a">online resource (100 p.) :</subfield><subfield code="b">facsims.</subfield></datafield><datafield ind1=" " ind2=" " tag="500"><subfield code="a">"B&#257;b al-Hamzah" T.p.</subfield></datafield><datafield ind1=" " ind2=" " tag="500"><subfield code="a">Includes errata page.</subfield></datafield><datafield ind1=" " ind2=" " tag="500"><subfield code="a">Part of the Arabic Collections Online (ACO) project, contributed by New York Univeristy Libraries.</subfield></datafield><datafield ind1=" " ind2=" " tag="504"><subfield code="a">Includes bibliographical references.</subfield></datafield><datafield ind1=" " ind2=" " tag="500"><subfield code="a">Added cover title in French.</subfield></datafield><datafield ind1=" " ind2=" " tag="533"><subfield code="a">Electronic reproduction.</subfield><subfield code="b">New York, N.Y. :</subfield><subfield code="c">New York University,</subfield><subfield code="d">2015.</subfield><subfield code="5">NNU</subfield></datafield><datafield ind1="1" ind2="0" tag="600"><subfield code="6">880-04</subfield><subfield code="a">Bust&#257;n&#299;, Bu&#7789;rus ibn B&#363;lus,</subfield><subfield code="d">1818 or 19-1882 or 3.</subfield><subfield code="t">Mu&#7717;&#299;&#7789; al-mu&#7717;&#299;&#7789;.</subfield></datafield><datafield ind1="2" ind2=" " tag="710"><subfield code="a">New York University.</subfield><subfield code="b">Libraries.</subfield></datafield><datafield ind1="0" ind2=" " tag="730"><subfield code="a">Arabic Collections Online.</subfield></datafield><datafield ind1="0" ind2="8" tag="776"><subfield code="i">Print version:</subfield><subfield code="a">Y&#257;zij&#299;, Ibr&#257;h&#299;m, 1847-1906 880-01</subfield><subfield code="t">Tanb&#299;h&#257;t al-Y&#257;zij&#299; &#699;al&#257; Mu&#7717;&#299;&#7789; al-Bust&#257;n&#299;</subfield><subfield code="w">(NNU)001685300</subfield><subfield code="w">(DLC)59036702</subfield></datafield><datafield ind1="4" ind2="0" tag="856"><subfield code="u">http://hdl.handle.net/2333.1/3xsj3x5v</subfield></datafield><datafield ind1="1" ind2=" " tag="880"><subfield code="6">100-01/</subfield><subfield code="a">&#1610;&#1575;&#1586;&#1580;&#1609;&#1548; &#1575;&#1576;&#1585;&#1575;&#1607;&#1610;&#1605;&#1548;</subfield><subfield code="d">1906-1847.</subfield></datafield><datafield ind1="1" ind2="0" tag="880"><subfield code="6">245-02/</subfield><subfield code="a">&#1578;&#1606;&#1576;&#1610;&#1607;&#1575;&#1578; &#1575;&#1604;&#1610;&#1575;&#1586;&#1580;&#1609; &#1593;&#1604;&#1609; &#1605;&#1581;&#1610;&#1591; &#1575;&#1604;&#1576;&#1587;&#1578;&#1575;&#1606;&#1609; /</subfield><subfield code="c">&#1580;&#1605;&#1593;&#1607;&#1575; &#1608;&#1581;&#1604; &#1585;&#1605;&#1608;&#1586;&#1607;&#1575; &#1587;&#1604;&#1610;&#1605; &#1588;&#1605;&#1593;&#1608;&#1606; &#1608;&#1580;&#1576;&#1585;&#1575;&#1606; &#1575;&#1604;&#1606;&#1581;&#1575;&#1587;.</subfield></datafield><datafield ind1=" " ind2=" " tag="880"><subfield code="6">260-03/</subfield><subfield code="a">&#1575;&#1604;&#1575;&#1587;&#1603;&#1606;&#1583;&#1585;&#1610;&#1577; :</subfield><subfield code="b">&#1605;&#1591;&#1576;&#1593;&#1577; &#1589;&#1604;&#1575;&#1581; &#1575;&#1604;&#1583;&#1610;&#1606;&#1548;</subfield><subfield code="c">1933.</subfield></datafield><datafield ind1="1" ind2="4" tag="880"><subfield code="6">600-04/</subfield><subfield code="a">&#1576;&#1587;&#1578;&#1575;&#1606;&#1609;&#1548; &#1576;&#1591;&#1585;&#1587;&#1548;</subfield><subfield code="d">1883-1819.</subfield><subfield code="t">&#1605;&#1581;&#1610;&#1591; &#1575;&#1604;&#1605;&#1581;&#1610;&#1591;.</subfield></datafield><datafield ind1=" " ind2=" " tag="959"><subfield code="a">NNU</subfield><subfield code="b">WEB</subfield><subfield code="c">GENI</subfield><subfield code="t">0</subfield><subfield code="m">Electronic access</subfield><subfield code="s">01</subfield></datafield><datafield ind1=" " ind2=" " tag="999"><subfield code="i">NNU_001685300</subfield><subfield code="s">nyu_aco000037:v.1</subfield></datafield></record>